@article{Auclert_2021,
	doi = {10.3982/ecta17434},
	url = {https://doi.org/10.3982%2Fecta17434},
	year = 2021,
	publisher = {The Econometric Society},
	volume = {89},
	number = {5},
	pages = {2375--2408},
	author = {Adrien Auclert and Bence Bard{\'{o}}czy and Matthew Rognlie and Ludwig Straub},
	title = {Using the Sequence-Space Jacobian to Solve and Estimate Heterogeneous-Agent Models},
	journal = {Econometrica}
}
@article{Kaplan_2018,
	doi = {10.1257/aer.20160042},
	url = {https://doi.org/10.1257%2Faer.20160042},
	year = 2018,
	month = {mar},
	publisher = {American Economic Association},
	volume = {108},
	number = {3},
	pages = {697--743},
	author = {Greg Kaplan and Benjamin Moll and Giovanni L. Violante},
	title = {Monetary Policy According to {HANK}},
	journal = {American Economic Review}
}
@article{Carroll_2006,
	doi = {10.1016/j.econlet.2005.09.013},
	url = {https://doi.org/10.1016%2Fj.econlet.2005.09.013},
	year = 2006,
	month = {jun},
	publisher = {Elsevier {BV}},
	volume = {91},
	number = {3},
	pages = {312--320},
	author = {Christopher D. Carroll},
	title = {The method of endogenous gridpoints for solving dynamic stochastic optimization problems},
	journal = {Economics Letters}
}
@article{Cagetti_2003,
	doi = {10.1198/073500103288619007},
	url = {https://doi.org/10.1198%2F073500103288619007},
	year = 2003,
	month = {jul},
	publisher = {Informa {UK} Limited},
	volume = {21},
	number = {3},
	pages = {339--353},
	author = {Marco Cagetti},
	title = {Wealth Accumulation Over the Life Cycle and Precautionary Savings},
	journal = {Journal of Business {\&}amp$\mathsemicolon$ Economic Statistics}
}
@techreport{Mian_2020,
	doi = {10.3386/w26941},
	url = {https://doi.org/10.3386%2Fw26941},
	year = 2020,
	month = {apr},
	publisher = {National Bureau of Economic Research},
	author = {Atif Mian and Ludwig Straub and Amir Sufi},
	title = {The Saving Glut of the Rich}
}
@techreport{Carroll_2000,
	doi = {10.3386/w7826},
	url = {https://doi.org/10.3386%2Fw7826},
	year = 2000,
	month = {aug},
	publisher = {National Bureau of Economic Research},
	author = {Christopher Carroll},
	title = {Portfolios of the Rich}
}
@techreport{Carroll_1998,
	doi = {10.3386/w6549},
	url = {https://doi.org/10.3386%2Fw6549},
	year = 1998,
	month = {may},
	publisher = {National Bureau of Economic Research},
	author = {Christopher Carroll},
	title = {Why Do the Rich Save So Much?}
}
@techreport{Auclert_2020,
	doi = {10.3386/w26647},
	url = {https://doi.org/10.3386%2Fw26647},
	year = 2020,
	month = {jan},
	publisher = {National Bureau of Economic Research},
	author = {Adrien Auclert and Matthew Rognlie and Ludwig Straub},
	title = {Micro Jumps, Macro Humps: Monetary Policy and Business Cycles in an Estimated {HANK} Model}
}
@article{Michaillat_2021,
	doi = {10.1162/rest_a_00893},
	url = {https://doi.org/10.1162%2Frest_a_00893},
	year = 2021,
	month = {may},
	publisher = {{MIT} Press - Journals},
	volume = {103},
	number = {2},
	pages = {197--215},
	author = {Pascal Michaillat and Emmanuel Saez},
	title = {Resolving New Keynesian Anomalies with Wealth in the Utility Function},
	journal = {The Review of Economics and Statistics}
}